% This file was created with JabRef 2.6.
% Encoding: Cp1252

@ARTICLE{hinze,
  author = {Hinze, Ralph},
  title = {{S}treams and {U}nique {F}ixed {P}oints},
  journal = {SIGACT News},
  year = {1976},
  volume = {8},
  pages = {18--24},
  number = {2},
  month = {April/June},
  address = {New York, NY, USA},
  publisher = {ACM Press}
}

@ARTICLE{kozen:silva,
  author = {Kozen, Dexter and Silva, Alexandra},
  title = {{P}ractical {C}oinduction},
  journal = {Communications of the ACM},
  year = {1974},
  volume = {17},
  pages = {667--673},
  number = {12},
  month = {December },
  address = {New York, NY, USA},
  publisher = {ACM Press}
}

@ARTICLE{jacobs:rutten,
  author = {Jacobs, Bart and Rutten, Jan},
  title = {{A} {T}utorial on ({C}o){A}lgebras and ({C}o){I}nduction},
  journal = {Communications of the ACM},
  year = {1974},
  volume = {17},
  pages = {667--673},
  number = {12},
  month = {December },
  address = {New York, NY, USA},
  publisher = {ACM Press}
}
 
@ARTICLE{micinski,
  author = {Micinski, Kristopher},
  title = {{O}n understanding coinduction},
  journal = {Communications of the ACM},
  year = {1974},
  volume = {17},
  pages = {667--673},
  number = {12},
  month = {December },
  address = {New York, NY, USA},
  publisher = {ACM Press},
  note = {\url{http://www.cs.umd.edu/~micinski/coinduction/}}
}

@ARTICLE{turner,
  author = {Turner, David},
  title = {{T}otal {F}unctional {P}rogramming},
  journal = {Journal of Universal Computer Science},
  year = {2004},
  volume = {10},
  pages = {751--768},
  number = {7},
}
